
@report{iber_aasm_2007,
	title = {The {AASM} Manual for the Scoring of Sleep and Associated Events, Rules, Terminology and Technical Specifications},
	type = {Manual},
	author = {Iber, Conrad and Ancoli-Israel, Sonia and Chesson Jr., Andrew and Quan, Stuart F.},
	editorb = {{American Academy of Sleep Medicine}},
	editorbtype = {redactor},
	date = {2007},
	file = {AASM.pdf:C\:\\Users\\Stefka\\AppData\\Roaming\\Zotero\\Zotero\\Profiles\\1oze3a94.default\\zotero\\storage\\CAGR8IDR\\AASM.pdf:application/pdf}
}

@article{hamann_automated_2009,
	title = {Automated synchrogram analysis applied to heartbeat and reconstructed respiration},
	volume = {19},
	issn = {1089-7682},
	doi = {10.1063/1.3096415},
	abstract = {Phase synchronization between two weakly coupled oscillators has been studied in chaotic systems for a long time. However, it is difficult to unambiguously detect such synchronization in experimental data from complex physiological systems. In this paper we review our study of phase synchronization between heartbeat and respiration in 150 healthy subjects during sleep using an automated procedure for screening the synchrograms. We found that this synchronization is significantly enhanced during non-rapid-eye-movement (non-{REM}) sleep (deep sleep and light sleep) and is reduced during {REM} sleep. In addition, we show that the respiration signal can be reconstructed from the heartbeat recordings in many subjects. Our reconstruction procedure, which works particularly well during non-{REM} sleep, allows the detection of cardiorespiratory synchronization even if only heartbeat intervals were recorded.},
	pages = {015106},
	number = {1},
	journaltitle = {Chaos (Woodbury, N.Y.)},
	shortjournal = {Chaos},
	author = {Hamann, Claudia and Bartsch, Ronny P. and Schumann, Aicko Y. and Penzel, Thomas and Havlin, Shlomo and Kantelhardt, Jan W.},
	date = {2009-03},
	pmid = {19335010},
	keywords = {Automation, Biophysics, Heart, Heart Rate, Humans, Models, Statistical, Pattern Recognition, Automated, Polysomnography, Respiration, Respiratory Mechanics, Signal Processing, Computer-Assisted, sleep},
	file = {Synchrogram_2009.pdf:C\:\\Users\\Stefka\\Desktop\\Masterarbeit\\Synchrogram_2009.pdf:application/pdf}
}

@article{fukuda_gender_1999,
	title = {Gender difference of slow wave sleep in middle aged and elderly subjects},
	volume = {53},
	issn = {1440-1819},
	url = {http://onlinelibrary.wiley.com/doi/10.1046/j.1440-1819.1999.00508.x/abstract},
	doi = {10.1046/j.1440-1819.1999.00508.x},
	abstract = {Sleep {EEG} of eight healthy males and eight females aged 54–72 years were recorded at their homes. The electroencephalograms were visually scored and analyzed by spectral analysis using the {FFT} method. There were no significant differences in sleep parameters except for a higher percentage of stage 3 + 4 in females. The spectral power of the delta band {EEG} was classified into two frequencies: 0.5–2 Hz and 2–4 Hz. The total amount of the delta band spectral power through the night was significantly larger in females. Periodic fluctuation of delta band power was observed in females along with non-rapid eye movement–rapid eye movement cycles.},
	pages = {151--153},
	number = {2},
	journaltitle = {Psychiatry and Clinical Neurosciences},
	author = {Fukuda, Noriko and Honma, Hiroshi and Kohsaka, Masako and Kobayashi, Riko and Sakakibara, Satoshi and Kohsaka, Shinobu and Koyama, Tsukasa},
	urldate = {2017-02-09},
	date = {1999-04-01},
	langid = {english},
	keywords = {ambulatory monitoring, gender difference, middle aged and elderly subjects, slow wave sleep, spectral analysis},
	file = {Full Text PDF:C\:\\Users\\Stefka\\AppData\\Roaming\\Zotero\\Zotero\\Profiles\\1oze3a94.default\\zotero\\storage\\AQKF59TX\\Fukuda et al. - 1999 - Gender difference of slow wave sleep in middle age.pdf:application/pdf;Gender_Differences_Middle_Aged_Elderly_Subjects_1999.pdf:C\:\\Users\\Stefka\\Desktop\\Masterarbeit\\Gender_Differences_Middle_Aged_Elderly_Subjects_1999.pdf:application/pdf;Snapshot:C\:\\Users\\Stefka\\AppData\\Roaming\\Zotero\\Zotero\\Profiles\\1oze3a94.default\\zotero\\storage\\DTFZPANA\\abstract.html:text/html}
}

@article{bashan_network_2012,
	title = {Network physiology reveals relations between network topology and physiological function},
	volume = {3},
	rights = {© 2017 Macmillan Publishers Limited, part of Springer Nature. All rights reserved.},
	issn = {2041-1723},
	url = {http://www.nature.com/ncomms/journal/v3/n2/full/ncomms1705.html},
	doi = {10.1038/ncomms1705},
	abstract = {Humans are a network of complex physiological systems, but quantifying these diverse systems is a challenge. This study presents a method to show that each physiological state is characterized by a specific network structure, demonstrating a connection between network topology and function.},
	pages = {702},
	journaltitle = {Nature Communications},
	author = {Bashan, Amir and Bartsch, Ronny P. and Kantelhardt, Jan W. and Havlin, Shlomo and Ivanov, Plamen C.},
	urldate = {2017-01-09},
	date = {2012-02-28},
	langid = {english},
	file = {Bashan_Network Physiology_2012.pdf:C\:\\Users\\Stefka\\Desktop\\Master AI\\Forschungsprojekt B\\Bashan_Network Physiology_2012.pdf:application/pdf;Snapshot:C\:\\Users\\Stefka\\AppData\\Roaming\\Zotero\\Zotero\\Profiles\\1oze3a94.default\\zotero\\storage\\FBM9BWUZ\\ncomms1705.html:text/html}
}

@article{hume_field_1998,
	title = {A field study of age and gender differences in habitual adult sleep},
	volume = {7},
	issn = {1365-2869},
	url = {http://onlinelibrary.wiley.com/doi/10.1046/j.1365-2869.1998.00103.x/abstract},
	doi = {10.1046/j.1365-2869.1998.00103.x},
	abstract = {The sleep of 52 healthy paid subjects (23 male) divided into three age-bands (20–34, 35–49 and 50–70 y) were recorded at night in their homes for a total of 190 subject-nights while following their normal daily activities and habitual sleep-wake schedule. There was a shortening in both nocturnal total sleep period and total sleep time ({TST}) with age, the oldest group sleeping 46 min less than the youngest. Also, the mid-point of sleep occurred 32 min earlier in the oldest group compared with the youngest group. The reduction in {TST} with age was due, in part, to increased wake periods within sleep. The youngest subjects showed more Movement Time which progressively decreased with age while the amount of stage 1 increased with age. The amount of slow-wave sleep ({SWS}, stages 3+4) was reduced, stage 4 was more than halved, while {REM} was slightly reduced with age. There were far fewer significant gender differences in the sleep variables: males, particularly in the middle and oldest age bands, had more stage 1 than females, while females had more {SWS}, particularly stage 3, than males. In general, despite relatively limited subject selection criteria, there was good agreement with previous laboratory-based normative sleep values for the effect of age and gender.},
	pages = {85--94},
	number = {2},
	journaltitle = {Journal of Sleep Research},
	author = {Hume, Kenneth and Van, Fiona and Watson, Alison},
	urldate = {2017-02-09},
	date = {1998-06-01},
	langid = {english},
	keywords = {age, gender, sleeping at home, sleep patterns, Sleep Stages},
	file = {A_Field_Study_of_Age_and_Gender_1998.pdf:C\:\\Users\\Stefka\\Desktop\\Masterarbeit\\A_Field_Study_of_Age_and_Gender_1998.pdf:application/pdf;Full Text PDF:C\:\\Users\\Stefka\\AppData\\Roaming\\Zotero\\Zotero\\Profiles\\1oze3a94.default\\zotero\\storage\\5UJ77P8G\\Hume et al. - 1998 - A field study of age and gender differences in hab.pdf:application/pdf;Snapshot:C\:\\Users\\Stefka\\AppData\\Roaming\\Zotero\\Zotero\\Profiles\\1oze3a94.default\\zotero\\storage\\7M72EFJT\\abstract.html:text/html}
}

@unpublished{breuer_netzwerktopologie_2016,
	location = {Berlin},
	title = {Netzwerktopologie und Vernetzungsstärke physiologischer Systeme in bereinigten Polysomnographien anhand des Time Delay Stability Verfahrens},
	pagetotal = {30},
	type = {nicht veröffentlichter Froschungsbericht},
	howpublished = {nicht veröffentlichter Froschungsbericht},
	author = {Breuer, Stefanie},
	date = {2016},
	langid = {german}
}

@online{kemp_edf+_????,
	title = {{EDF}+ specification},
	url = {http://www.edfplus.info/specs/edfplus.html},
	titleaddon = {European Data Format. Full specification of {EDF}+},
	author = {Kemp, Bob},
	urldate = {2017-01-16},
	file = {EDF+ specification:C\:\\Users\\Stefka\\AppData\\Roaming\\Zotero\\Zotero\\Profiles\\1oze3a94.default\\zotero\\storage\\JBRADW7W\\edfplus.html:text/html}
}

@book{ebner_eeg_2006,
	location = {Stuttgart},
	title = {{EEG}},
	isbn = {978-3-13-140101-4},
	abstract = {Trotz neuerer Untersuchungsmethoden und der Bildgebung bleibt das {EEG} eines der wichtigsten diagnostischen Verfahren für zahlreiche Erkrankungen, die anders nicht oder nicht präzise diagnostizierbar sind.Präzise {DiagnostizierenEinzigartig} Von der {EEG}-Kurve zur Diagnose Ausführliche Beschreibung der praktischen Handhabung bei der Auswertung, z.B.: die Möglichkeit der {HerdlokalisationDas} komplette Facharztwissen Vermittlung der biologischen Grundlagen Erläuterung der Technik Darstellung der klinischen Anwendungsmöglichkeiten},
	pagetotal = {159},
	publisher = {Georg Thieme},
	author = {Ebner, Alois and Deuschl, Günther},
	date = {2006-04-19}
}

@book{neundorfer_eeg-fibel:_2002,
	location = {München},
	edition = {5},
	title = {{EEG}-Fibel: Das {EEG} in der ärztlichen Praxis},
	isbn = {978-3-437-22070-8},
	shorttitle = {{EEG}-Fibel},
	abstract = {({HL}){EEG}- Fibel, Das {EEG} in der ärztlichen {PraxisNeundörfer}(copy)Hier findet der {EEG}-Einsteiger kompetente Hilfe bei einem komplexen Untersuchungs-verfahren. Nach der Vermittlung von Basiswissen und Techniken werden die klinischen Anwendungen  bei verschiedenen Krankheitsbildern erläutert.Plus:{EEG} beim {KindEEG} bei psychiatrischen {ErkrankungenNeu} in der 5. Auflage:- die {CD}-{ROM} mit zahlreichen Fallbeispielen zeigt anschaulich die Möglichkeiten der modernen, papierlosen {EEG}-Registrierung und erleichtert spielerisch das Verständnis der verschiedenen Ableitemöglichkeiten.},
	pagetotal = {288},
	publisher = {Urban \& Fischer Verlag/Elsevier {GmbH}},
	author = {Neundörfer, Bernhard},
	date = {2002-08-01}
}

@book{bamberger_1x1_2015,
	location = {Berlin},
	title = {1x1 der {EKG}-Interpretation},
	isbn = {978-3-86541-708-4},
	abstract = {Werner Bambergers Buch ist aus seiner langjährigen praktischen Arbeit als Rettungsassistent – vor allem durch seine Ausbildungskurse zur {EKG}-Interpretation – in der Rettungsstelle der Charité Campus Virchow-Klinikum entstanden. Hauptsächlich gedacht für das Rettungspersonal – das zumeist vor den Ärzten am Notfallort ist – will das Buch dazu beitragen, Herzrhythmusstörungen und {EKG}-Veränderungen bei einem Herzinfarkt rasch zu erkennen und entsprechend zu handeln. Es zeigt auf, wie man {EKG}-Bilder richtig interpretiert und pathologische Befunde erkennt. Im Anhang werden 30 ausgesuchte {EKGs} erläutert.Die Zielgruppe, die mit diesem Buch angesprochen werden soll, ist in erster Linie das Pflegepersonal der Rettungsstellen sowie die Erste-Hilfe-Abteilungen und Notaufnahmen der Krankenhäuser. Aber auch für Medizinstudenten und {PJ}-ler bietet das Buch eine Fülle von praxisrelevantem Studienmaterial.},
	pagetotal = {208},
	publisher = {Lehmanns},
	author = {Bamberger, Werner},
	date = {2015-07-06}
}

@article{bartsch_experimental_2007,
	title = {Experimental Evidence for Phase Synchronization Transitions in the Human Cardiorespiratory System},
	volume = {98},
	url = {http://link.aps.org/doi/10.1103/PhysRevLett.98.054102},
	doi = {10.1103/PhysRevLett.98.054102},
	abstract = {Transitions in the dynamics of complex systems can be characterized by changes in the synchronization behavior of their components. Taking the human cardiorespiratory system as an example and using an automated procedure for screening the synchrograms of 112 healthy subjects we study the frequency and the distribution of synchronization episodes under different physiological conditions that occur during sleep. We find that phase synchronization between heartbeat and breathing is significantly enhanced during non-rapid-eye-movement (non-{REM}) sleep (deep sleep and light sleep) and reduced during {REM} sleep. Our results suggest that the synchronization is mainly due to a weak influence of the breathing oscillator upon the heartbeat oscillator, which is disturbed in the presence of long-term correlated noise, superimposed by the activity of higher brain regions during {REM} sleep.},
	pages = {054102},
	number = {5},
	journaltitle = {Physical Review Letters},
	shortjournal = {Phys. Rev. Lett.},
	author = {Bartsch, Ronny and Kantelhardt, Jan W. and Penzel, Thomas and Havlin, Shlomo},
	urldate = {2017-02-06},
	date = {2007-02-01},
	file = {APS Snapshot:C\:\\Users\\Stefka\\AppData\\Roaming\\Zotero\\Zotero\\Profiles\\1oze3a94.default\\zotero\\storage\\U39VU6SS\\PhysRevLett.98.html:text/html}
}

@inproceedings{krefting_altersabhangigkeit_2016,
	location = {Berlin},
	title = {Altersabhängigkeit der Vernetzungsstärke physiologischer Netzwerke in verschiedenen Schlafstadien},
	eventtitle = {Workshop Biosignal Processing},
	booktitle = {Proceedings of the Workshop Biosignal Processing 2016},
	author = {Krefting, Dagmar and Penzel, Thomas and Kantelhardt, Jan W.},
	date = {2016-04},
	file = {Krefting_Altersabhängigkeit der Vernetzungsstärke_2016.pdf:C\:\\Users\\Stefka\\Desktop\\Master AI\\Forschungsprojekt B\\Krefting_Altersabhängigkeit der Vernetzungsstärke_2016.pdf:application/pdf}
}

@book{leroux_handbuch_2009,
	title = {Handbuch Schlafdiagnostik. Praktische Asprekte der Schlafdiagnostik für medizinisch technische Assistenten},
	url = {http://www.ternimed.de/WebRoot/Store2/Shops/62826360/5082/E5BA/346C/2BC7/48D1/C0A8/28B9/7BFE/Handbuch_Schlafdiagnostik.PDF},
	author = {Leroux, Valérie and Favier, Bernard and Hoffmann, Alexander and Billaud, Emmanuel},
	editor = {{Koninklijke Philips Electronics N. V.}},
	date = {2009},
	file = {Handbuch_Schlafdiagnostik.pdf:C\:\\Users\\Stefka\\Desktop\\Bachelor FIW\\Bachelorarbeit\\Quellen\\Handbuch_Schlafdiagnostik.pdf:application/pdf}
}

@article{schumann_aging_2010,
	title = {Aging Effects on Cardiac and Respiratory Dynamics in Healthy Subjects across Sleep Stages},
	volume = {33},
	series = {Sleep},
	pages = {943 -- 955},
	author = {Schumann, Aicko Y. and Bartsch, Ronny P. and Penzel, Thomas and Ivanov, Plamen C. and Kantelhardt, Jan W.},
	date = {2010},
	file = {Aging_effects_on_cardiac_and_respiratory_2010.pdf:C\:\\Users\\Stefka\\Desktop\\Masterarbeit\\Aging_effects_on_cardiac_and_respiratory_2010.pdf:application/pdf}
}

@article{wessel_synchronisation_2013,
	title = {Synchronisation and coupling analysis: applied cardiovascular physics in sleep medicine},
	volume = {2013},
	issn = {1557-170X},
	doi = {10.1109/EMBC.2013.6611060},
	shorttitle = {Synchronisation and coupling analysis},
	abstract = {Sleep is a physiological process with an internal program of a number of well defined sleep stages and intermediate wakefulness periods. The sleep stages modulate the autonomous nervous system and thereby the sleep stages are accompanied by different regulation regimes for the cardiovascular and respiratory system. The differences in regulation can be distinguished by new techniques of cardiovascular physics. The number of patients suffering from sleep disorders increases unproportionally with the increase of the human population and aging, leading to very high expenses in the public health system. Therefore, the challenge of cardiovascular physics is to develop highly-sophisticated methods which are able to, on the one hand, supplement and replace expensive medical devices and, on the other hand, improve the medical diagnostics with decreasing the patient's risk. Methods of cardiovascular physics are used to analyze heart rate, blood pressure and respiration to detect changes of the autonomous nervous system in different diseases. Data driven modeling analysis, synchronization and coupling analysis and their applications to biosignals in healthy subjects and patients with different sleep disorders are presented. Newly derived methods of cardiovascular physics can help to find indicators for these health risks.},
	pages = {6567--6570},
	journaltitle = {Conference proceedings: ... Annual International Conference of the {IEEE} Engineering in Medicine and Biology Society. {IEEE} Engineering in Medicine and Biology Society. Annual Conference},
	shortjournal = {Conf Proc {IEEE} Eng Med Biol Soc},
	author = {Wessel, Niels and Riedl, Maik and Kramer, Jan and Muller, Andreas and Penzel, Thomas and Kurths, Jurgen},
	date = {2013},
	pmid = {24111247},
	keywords = {Blood Pressure, Heart Rate, Humans, Models, Cardiovascular, Monitoring, Physiologic, Respiration, Sleep Stages, Sleep Wake Disorders, Statistics, Nonparametric, Wakefulness},
	file = {Synchronisation_Cardiovascular_Physics_2013.pdf:C\:\\Users\\Stefka\\Desktop\\Masterarbeit\\Synchronisation_Cardiovascular_Physics_2013.pdf:application/pdf}
}

@online{oresick_kania_ekg_2016,
	title = {{EKG} Academy {\textbar} Free lessons, drills and quizzes.},
	rights = {Clinical Skills Education {LLC}},
	url = {http:///ekg.academy},
	abstract = {Learn {EKG} interpretation using our free lessons and {EKG} practice strips},
	titleaddon = {{EKG}.Academy},
	author = {Oresick Kania and {Clinical Skills Education LLC}},
	urldate = {2017-01-14},
	date = {2016},
	file = {Snapshot:C\:\\Users\\Stefka\\AppData\\Roaming\\Zotero\\Zotero\\Profiles\\1oze3a94.default\\zotero\\storage\\KFE325NH\\ekg-waveform-lesson.html:text/html}
}

@article{krefting_age_2017,
	title = {Age and Gender Dependency of Physiological Networks in Sleep},
	pages = {19},
	author = {Krefting, Dagmar and Jansen, Christoph and Penzel, Thomas and Han, Fang and Kantelhardt, Jan W.},
	date = {2017},
	file = {kreftingetal.pdf:C\:\\Users\\Stefka\\Desktop\\Masterarbeit\\kreftingetal.pdf:application/pdf}
}

@article{goel_gender_2005,
	title = {Gender Differences in Polysomnographic Sleep in Young Healthy Sleepers},
	volume = {22},
	issn = {0742-0528},
	url = {http://dx.doi.org/10.1080/07420520500263235},
	doi = {10.1080/07420520500263235},
	abstract = {Middle‐aged and elderly populations exhibit gender differences in polysomnographic ({PSG}) sleep; however, whether young men and women also show such differences remains unclear. Thirty‐one young healthy sleepers (16 men and 15 women, aged 18 to 30 yr, mean±{SD}, 20.5±2.4 yr) completed 3 consecutive overnight sessions in a sleep laboratory, after maintaining a stable sleep‐wake cycle for 1 wk before study entry. Standard {PSG} sleep and self‐rated sleepiness data were collected each night. Across nights, women showed better sleep quality than men: they fell asleep faster (shorter sleep onset latency) and had better sleep efficiency, with more time asleep and less time awake (all differences showed large effect sizes, d=0.98 to 1.12). By contrast, men were sleepier than women across nights. Both men and women demonstrated poorer overall sleep quality on the first night compared with the subsequent 2 nights of study. We conclude young adult healthy sleepers show robust gender differences in {PSG} sleep, like older populations, with better sleep quality in women than in men. These results highlight the importance of gender in sleep and circadian rhythm research studies employing young subjects and have broader implications for women's health issues relating to these topics.},
	pages = {905--915},
	number = {5},
	journaltitle = {Chronobiology International},
	author = {Goel, Namni and Kim, Hyungsoo and Lao, Raymund P.},
	urldate = {2017-02-09},
	date = {2005-01-01},
	pmid = {16298775},
	keywords = {Circadian Sleep‐Wake Rhythm, First Night Effect, Gender Differences, Objective Sleep, Polysomnography, Sleepiness, Subjective Sleep},
	file = {Full Text PDF:C\:\\Users\\Stefka\\AppData\\Roaming\\Zotero\\Zotero\\Profiles\\1oze3a94.default\\zotero\\storage\\GN9D4I2A\\Goel et al. - 2005 - Gender Differences in Polysomnographic Sleep in Yo.pdf:application/pdf;Snapshot:C\:\\Users\\Stefka\\AppData\\Roaming\\Zotero\\Zotero\\Profiles\\1oze3a94.default\\zotero\\storage\\H954AUF7\\07420520500263235.html:text/html}
}

@article{mayer_s3-leitlinie_2009,
	title = {S3-Leitlinie - Nicht erholsamer Schlaf/Schlafstörungen},
	url = {http://www.dgsm.de/downloads/akkreditierung_ergebnisqualitaet/S3-Leitlinie_Nicht_erholsamer_Schlaf-Schlafstoerungen.pdf},
	doi = {DOI 10.1007/s11818-009-0430-8},
	series = {Somnologie},
	pages = {160},
	number = {13},
	author = {Mayer, Geert and Fietze, Ingo and Fischer, Jürgen and Penzel, Thomas and Riemann, Dieter and Rodenbeck, Andrea and Sitter, Helmut and Teschler, Helmut},
	urldate = {2017-10-01},
	date = {2009},
	langid = {german},
	file = {S3-Leitlinie_Nicht_erholsamer_Schlaf-Schlafstoerungen_2009.pdf:C\:\\Users\\Stefka\\Desktop\\Masterarbeit\\S3-Leitlinie_Nicht_erholsamer_Schlaf-Schlafstoerungen_2009.pdf:application/pdf}
}

@inproceedings{milgram_small-world-problem_1967,
	title = {The Small-World-Problem},
	volume = {1},
	url = {http://snap.stanford.edu/class/cs224w-readings/milgram67smallworld.pdf},
	series = {1},
	eventtitle = {Psychology Today},
	author = {Milgram, Stanley},
	urldate = {2017-08-01},
	date = {1967}
}

@incollection{karinthy_chain-links_1929,
	title = {Chain-Links},
	url = {https://djjr-courses.wdfiles.com/local--files/soc180%3Akarinthy-chain-links/Karinthy-Chain-Links_1929.pdf},
	pages = {4},
	author = {Karinthy, Frigyes},
	urldate = {2017-08-01},
	date = {1929}
}

@book{ertel_grundkurs_2013,
	location = {Wiesbaden},
	edition = {3},
	title = {Grundkurs Künstliche Intelligenz: Eine praxisorientierte Einführung},
	isbn = {978-3-8348-1677-1},
	shorttitle = {Grundkurs Künstliche Intelligenz},
	abstract = {Alle Teilgebiete der {KI} werden mit dieser Einführung kompakt, leicht verständlich und anwendungsbezogen dargestellt. Hier schreibt jemand, der das Gebiet nicht nur bestens kennt, sondern auch in der Lehre engagiert und erfolgreich vertritt. Von der klassischen Logik über das Schließen mit Unsicherheit und maschinelles Lernen bis hin zu Anwendungen wie Expertensysteme oder lernfähige Roboter. Neben dem umfassenden Einblick in dieses faszinierende Teilgebiet der Informatik gewinnen Sie vertiefte Kenntnisse, z. B. hinsichtlich wichtiger Verfahren zur Repräsentation und Verarbeitung von Wissen. Der Anwendungsbezug steht im Fokus der Darstellung. Viele Übungsaufgaben mit Lösungen sowie strukturierte Verweise auf Literatur und Ressourcen im Web ermöglichen ein effektives und kurzweiliges Selbststudium. Für die 3. Auflage ...},
	pagetotal = {353},
	publisher = {Springer Vieweg},
	author = {Ertel, Wolfgang and Bibel, Wolfgang and Kruse, Rudolf and Nebel, Bernhard},
	date = {2013-09-02}
}

@online{kemp_european_????,
	title = {European Data Format ({EDF})},
	url = {http://www.edfplus.info/index.html},
	titleaddon = {European Data Format},
	author = {Kemp, Bob},
	urldate = {2017-01-15},
	file = {European Data Format (EDF):C\:\\Users\\Stefka\\AppData\\Roaming\\Zotero\\Zotero\\Profiles\\1oze3a94.default\\zotero\\storage\\C3XIR5H7\\index.html:text/html}
}

@report{robert_koch_institut_gesundheit_2015,
	location = {Berlin},
	title = {Gesundheit in Deutschland. Gesundsheitsberichterstattung des Bundes gemeinsam getragen von {RIKI} und {DESTATIS}},
	url = {https://www.destatis.de/DE/Publikationen/Thematisch/Gesundheit/Gesundheitszustand/GesundheitInDeutschlandPublikation.pdf?__blob=publicationFile},
	author = {{Robert Koch Institut}},
	urldate = {2017-01-18},
	date = {2015},
	file = {GesundheitInDeutschland.pdf:C\:\\Users\\Stefka\\Desktop\\Masterarbeit\\GesundheitInDeutschland.pdf:application/pdf}
}

@report{schlack_haufigkeit_2013,
	title = {Häufigkeit und Verteilung von Schlafproblemen und Insomnie in der deutschen Erwachsenenbevölkerung. Ergebnisse der Studie zur Gesundheit Erwachsenerr in Deutschlang ({DEGS}1)},
	pages = {740 -- 748},
	number = {5/6},
	type = {Bundesgesundheitsblatt - Gesundheitsforschung - Gesundheitsschutz},
	author = {Schlack, R and Hapke, U and Maske, U and Busch, {MA} and Cohrs, S},
	date = {2013-05-27}
}

@incollection{devuyst_automatic_2009,
	title = {Automatic Processing of {EEG}-{EOG}-{EMG} Artifacts in Sleep Stage Classification},
	url = {http://link.springer.com/chapter/10.1007/978-3-540-92841-6_36},
	abstract = {In this paper, we present a series of algorithms for dealing with artifacts in electroencephalograms ({EEG}), electrooculograms ({EOG}) and electromyograms ({EMG}). The aim is to apply artifact correction whenever possible in order to lose a minimum of data, and to identify the remaining artifacts so as not take them into account during the sleep stage classification. Nine procedures were implemented to minimize cardiac interference and slow ondulations, and to detect muscle artifacts, failing electrode, 50/60Hz main interference, saturations, highlights abrupt transitions, {EOG} interferences and artifacts in {EOG}. Detection methods were developed in the time domain as well as in the frequency domain, using adjustable parameters. A database of 20 excerpts of polysomnographic sleep recordings scored in artifacts by an expert was available for developing (excerpts 1 to 10) and testing (excerpts 11 to 20) the automatic artifact detection algorithms. We obtained a global agreement rate of 96.06\%, with sensitivity and specificity of 83.67\% and 96.47\% respectively.},
	pages = {146--150},
	booktitle = {13th International Conference on Biomedical Engineering},
	publisher = {Springer, Berlin, Heidelberg},
	author = {Devuyst, S. and Dutoit, T. and Ravet, T. and Stenuit, P. and Kerkhofs, M. and Stanus, E.},
	urldate = {2017-02-03},
	date = {2009},
	langid = {english},
	note = {{DOI}: 10.1007/978-3-540-92841-6\_36},
	file = {Full Text PDF:C\:\\Users\\Stefka\\AppData\\Roaming\\Zotero\\Zotero\\Profiles\\1oze3a94.default\\zotero\\storage\\AIFVKBCF\\Devuyst et al. - 2009 - Automatic Processing of EEG-EOG-EMG Artifacts in S.pdf:application/pdf;Snapshot:C\:\\Users\\Stefka\\AppData\\Roaming\\Zotero\\Zotero\\Profiles\\1oze3a94.default\\zotero\\storage\\GPX94CIM\\978-3-540-92841-6_36.html:text/html}
}

@book{steinberg_schlafmedizin_2010,
	location = {Bremen; London; Boston, Mass.},
	edition = {2},
	title = {Schlafmedizin - Grundlagen und Praxis},
	isbn = {978-3-8374-1199-7},
	abstract = {Schlafstörungen zählen zu den häufigen Beschwerden in der Praxis. Sie treffen fast jeden irgendwann einmal, ohne dass diese Störung zwingend Krankheitswert annehmen muss. Sind die Patienten davon jedoch häufiger oder chronisch betroffen, leiden sie darunter und bedürfen unbedingt medizinischer Aufmerksamkeit.Die diagnostischen und therapeutischen Möglichkeiten haben zu einer Flut von Einzeldarstellungen und Einzelempfehlungen geführt. Hier schließt das vorliegende Buch eine große Lücke. Mit der 2. Auflage des bewährten Werkes "Schlafmedizin - Grundlagen und Praxis" ist es dem Autorenteam erneut gelungen, einfach, übersichtlich und klar das vorhandene Wissen zu gliedern und für jeden Stand des Vorwissens relevante Informationen zum Schlaf, seinen Störungen und deren Behandlungen zu geben. Unter Berücksichtigung der Neuordnung der Schlafstörungen nach {ICSD}-2 ist die für Praxis und Wissenschaft erforderliche {ICD}-10 Kategorisierung mit aufgeführt. Fragebögen, Register und ein ausführliches Glossar erleichtern den Umgang mit dem Buch und spiegeln seinen engen Praxisbezug wider.},
	pagetotal = {368},
	publisher = {{UNI}-{MED}},
	author = {Steinberg, Reinhard and Weeß, Hans-Günter and Landwehr, Ralf},
	date = {2010-02-01}
}

@article{ohayon_epidemiological_2011,
	title = {Epidemiological Overview of sleep Disorders in the General Population},
	volume = {2},
	issn = {2093-9175, 2233-8853},
	url = {http://www.e-sciencecentral.org/articles/?scid=SC000006815},
	abstract = {Title: Epidemiological Overview of sleep Disorders in the General Population, Journal title: Sleep Medicine Research ({SMR})},
	pages = {1--9},
	number = {1},
	journaltitle = {Sleep Medicine Research ({SMR})},
	shortjournal = {Sleep Med Res},
	author = {Ohayon, Maurice M.},
	urldate = {2017-01-19},
	date = {2011-04-30},
	file = {Full Text PDF:C\:\\Users\\Stefka\\AppData\\Roaming\\Zotero\\Zotero\\Profiles\\1oze3a94.default\\zotero\\storage\\VUN3ZB5Q\\Ohayon - 2011 - Epidemiological Overview of sleep Disorders in the.pdf:application/pdf;Snapshot:C\:\\Users\\Stefka\\AppData\\Roaming\\Zotero\\Zotero\\Profiles\\1oze3a94.default\\zotero\\storage\\EGBAFSWD\\articles.html:text/html}
}

@article{suhrbier_cardiovascular_2010,
	title = {Cardiovascular regulation during sleep quantified by symbolic coupling traces},
	volume = {20},
	issn = {1089-7682},
	doi = {10.1063/1.3518688},
	abstract = {Sleep is a complex regulated process with short periods of wakefulness and different sleep stages. These sleep stages modulate autonomous functions such as blood pressure and heart rate. The method of symbolic coupling traces ({SCT}) is used to analyze and quantify time-delayed coupling of these measurements during different sleep stages. The symbolic coupling traces, defined as the symmetric and diametric traces of the bivariate word distribution matrix, allow the quantification of time-delayed coupling. In this paper, the method is applied to heart rate and systolic blood pressure time series during different sleep stages for healthy controls as well as for normotensive and hypertensive patients with sleep apneas. Using the {SCT}, significant different cardiovascular mechanisms not only between the deep sleep and the other sleep stages but also between healthy subjects and patients can be revealed. The {SCT} method is applied to model systems, compared with established methods, such as cross correlation, mutual information, and cross recurrence analysis and demonstrates its advantages especially for nonstationary physiological data. As a result, {SCT} proves to be more specific in detecting delays of directional interactions than standard coupling analysis methods and yields additional information which cannot be measured by standard parameters of heart rate and blood pressure variability. The proposed method may help to indicate the pathological changes in cardiovascular regulation and also the effects of continuous positive airway pressure therapy on the cardiovascular system.},
	pages = {045124},
	number = {4},
	journaltitle = {Chaos (Woodbury, N.Y.)},
	shortjournal = {Chaos},
	author = {Suhrbier, A. and Riedl, M. and Malberg, H. and Penzel, T. and Bretthauer, G. and Kurths, J. and Wessel, N.},
	date = {2010-12},
	pmid = {21198136},
	keywords = {Adult, Blood Pressure, Cardiovascular Physiological Phenomena, Case-Control Studies, Humans, Male, Models, Cardiovascular, sleep, Sleep Stages, Systole, Time Factors},
	file = {Cardiovascular_Regulation_2010.pdf:C\:\\Users\\Stefka\\Desktop\\Masterarbeit\\Cardiovascular_Regulation_2010.pdf:application/pdf}
}

@article{penzel_computer_2000,
	title = {Computer based sleep recording and analysis},
	volume = {4},
	issn = {1087-0792},
	url = {//www.sciencedirect.com/science/article/pii/S1087079299900874},
	doi = {10.1053/smrv.1999.0087},
	abstract = {Sleep analysis is based on polysomnography. Modern polysomnographic systems are computer based. Visual and automatic analysis of sleep and respiration is supported by most computer based systems. Four functions can be distinguished in computer based polysomnography: recording, documentation during the recording, automatic and visual analysis and report generation. This review compiles the minimal requirements for digital sleep recording, documentation, analysis and reporting. The basic principles of automatic sleep analysis are reported. The requirements and the basic principles for the analysis of non-electroencephalography ({EEG}) signals, such as respiration, snoring, oxygen saturation, electrocardiography ({ECG}) and options are reported. New developments in sleep {EEG} processing are discussed to enlighten how computer based sleep analysis can add quantative parameters to the rules for visual sleep staging established by Rechtschaffen and Kales 30 years ago. This helps to extend our understanding of sleep.},
	pages = {131--148},
	number = {2},
	journaltitle = {Sleep Medicine Reviews},
	shortjournal = {Sleep Medicine Reviews},
	author = {Penzel, Thomas and Conradt, Regina},
	urldate = {2017-01-25},
	date = {2000-04},
	keywords = {computerized sleep analysis, {EEG} analysis, Polysomnography, respiration analysis., sleep analysis, sleep recording, sleep scoring},
	file = {ScienceDirect Snapshot:C\:\\Users\\Stefka\\AppData\\Roaming\\Zotero\\Zotero\\Profiles\\1oze3a94.default\\zotero\\storage\\CTGRVJ8U\\S1087079299900874.html:text/html}
}

@article{klosch_siesta_2001,
	title = {The {SIESTA} project polygraphic and clinical database},
	volume = {20},
	issn = {0739-5175},
	url = {http://ieeexplore.ieee.org/stamp/stamp.jsp?arnumber=932725},
	doi = {10.1109/51.932725},
	abstract = {The {SIESTA} project had two major goals: developing new tools for analyzing computer-based sleep recordings and creating a reference database for sleep-related features. Basically, both goals have been reached, although validation and fine tuning of the sleep analyzer is still on-going. Investigations on the Web interface will be finished soon and a documentation of the database (including a {CD}-{ROM} with all test forms and all clinical, psychometric and actigraphic data as well as all R\&K-scorings) will be published. Besides its scientific impact, the {SIESTA} project also emphasizes two other important aspects: the need of national and international cooperation between different experts and disciplines and the importance of standardized methods in scientific and clinical research.},
	pages = {51--57},
	number = {3},
	journaltitle = {{IEEE} Engineering in Medicine and Biology Magazine},
	author = {Klösch, G. and Kemp, B. and Penzel, T. and Schlogl, A. and Rappelsberger, P. and Trenker, E. and Gruber, G. and Zeithofer, J. and Saletu, B. and Herrmann, W. M. and Himanen, S. L. and Kunz, D. and Barbanoj, M. J. and Roschke, J. and Varri, A. and Dorffner, G.},
	date = {2001-05},
	keywords = {Biomedical measurements, Biomedical monitoring, clinical database, computer-based sleep recordings, computerised monitoring, database management systems, Databases, Databases, Factual, {ECG}, {EDF} format, {EEG}, Electroencephalography, {EMG}, {EOG}, Hospitals, Humans, human sleep, information resources, international cooperation, medical diagnostic computing, medical information systems, medical signal processing, Monitoring, Physiologic, Mood, objective measurements, online front-ends, patient monitoring, polygraphic database, Polysomnography, Psychiatry, Psychology, reference database, {SIESTA} project, Signal Processing, Computer-Assisted, sleep, sleep-related features, standardized methods, subjective measurements, Web interface},
	file = {IEEE Xplore Abstract Record:C\:\\Users\\Stefka\\AppData\\Roaming\\Zotero\\Zotero\\Profiles\\1oze3a94.default\\zotero\\storage\\4HDCF6VQ\\932725.html:text/html;IEEE Xplore Full Text PDF:C\:\\Users\\Stefka\\AppData\\Roaming\\Zotero\\Zotero\\Profiles\\1oze3a94.default\\zotero\\storage\\ZMSH97WF\\Klosh et al. - 2001 - The SIESTA project polygraphic and clinical databa.pdf:application/pdf}
}

@misc{rechtschaffen_manual_1968,
	title = {A Manual of Standardized Terminology, Techniques and Scoring System for Sleep Stages of Human Subjects},
	publisher = {{US} Department of Health, Education and Welfare, Public Health Service - National Institute of Health/National Institute of Neurological Diseases and Blindness},
	author = {Rechtschaffen, Allan and Kales, Anthony},
	date = {1968}
}

@article{american_academy_of_sleep_medicine_international_2005,
	title = {International classification of sleep disorders, 2nd ed.: Diagnostic and coding manual},
	journaltitle = {Westchester},
	author = {{American Academy of Sleep Medicine}},
	date = {2005}
}

@online{kemp_edf+:_????,
	title = {{EDF}(+): standard texts},
	url = {http://www.edfplus.info/specs/edftexts.html},
	titleaddon = {European Data Format. Standard Labels},
	author = {Kemp, Bob},
	urldate = {2017-01-15},
	file = {EDF(+)\: standard texts:C\:\\Users\\Stefka\\AppData\\Roaming\\Zotero\\Zotero\\Profiles\\1oze3a94.default\\zotero\\storage\\44A8N4HU\\edftexts.html:text/html}
}

@report{penzel_schlafstorungen_2005,
	location = {Berlin},
	title = {Schlafstörungen},
	url = {http://www.rki.de/DE/Content/Gesundheitsmonitoring/Gesundheitsberichterstattung/GBEDownloadsT/schlafstoerung.pdf?__blob=publicationFile},
	number = {27},
	author = {Penzel, Thomas and Peter, Helga and Peter, Jörg H.},
	editorb = {{Robert-Koch-Institut}},
	editorbtype = {redactor},
	urldate = {2017-09-01},
	date = {2005},
	langid = {german}
}

@book{kneer_handbuch_2009,
	title = {Handbuch Soziologische Theorien},
	isbn = {978-3-531-15231-8},
	abstract = {Allem Krisengerede zum Trotz hat die Soziologie in den letzten Jahren eine ungemeine Produktivität entfaltet. Gerade auch auf dem Gebiet der allgemeinen Theoriebildung sind eine Vielzahl von Innovationen und Weiterentwicklungen zu beobachten. Hierdurch hat das Spektrum soziologischer Grundlagentheorien nicht nur eine beträchtliche Erweiterung, sondern auch bemerkenswerte Umstellungen erfahren. Das "Handbuch Soziologische Theorien" gibt einen Überblick über die differenzierte und weit verzweigte soziologische Theorienlandschaft der Gegenwart. In mehr als zwanzig Einzelbeiträgen werden die international derzeit wichtigsten Theorieangebote, angefangen bei der Aktor-Netzwerk-Theorie über Feministische Theorien und Praxistheorien bis hin zur Verstehenden Soziologie, dargestellt und diskutiert. Die gut lesbaren Beiträge führen in die Prämissen und begrifflichen Ausgangspunkte der einzelnen Theorieansätze ein, zeichnen in komprimierter Form ihre konzeptionellen Ausrichtungen und zentralen Argumentationslinien nach, diskutieren Einwände der Kritiker sowie Entgegnungen ihrer Protagonisten und positionieren die Ansätze im internationalen Theoriediskurs. Das Handbuch Soziologische Theorien besticht durch die Breite der getroffenen Theorienauswahl, seine inhaltliche Ausgestaltung sowie durch die Qualität seiner Einzelbeiträge.},
	pagetotal = {568},
	publisher = {Springer-Verlag},
	author = {Kneer, Georg and Schroer, Markus},
	date = {2009-05-14},
	langid = {german},
	note = {Google-Books-{ID}: {CFbCglQartMC}},
	keywords = {Social Science / General, Social Science / Sociology / General}
}

@collection{rasche_update_2003,
	location = {München-Deisenhofen},
	title = {Update Schlafmedizin},
	isbn = {978-3-87185-326-5},
	pagetotal = {150},
	publisher = {Dustri-Verlag Dr. Karl Feistle},
	editor = {Rasche, Kurt and Schultze-Werninghaus, Gerhard},
	date = {2003}
}

@book{lee-chiong_sleep_2008,
	location = {Oxford ; New York},
	edition = {1},
	title = {Sleep Medicine: Essentials and Review},
	isbn = {978-0-19-530659-0},
	shorttitle = {Sleep Medicine},
	abstract = {Sleep Medicine is one of the fastest growing fields of medicine and of strong interest to neurologists, psychiatrists, psychologists, pulmonologists, otolaryngologists, and the technologists who perform sleep studies. Almost all of the major medical centers in the {US} now have centers for sleep disorders. In 2007, sleep medicine will become an official medical subspecialty, with board examinations being administered by the American Board of Medical Specialties. Sleep Medicine: Essentials and Review will cover this new field by providing a book that can be used both as a practical, outline-style text for managing sleep disorders and as a "high yield" review for preparing for the sleep medicine board exam. In addition to the text, the author will include 150 board-type multiple choice questions with answers and explanations. Dr. Lee-Chiong is a major authority in the field and author of a comprehensive sleep medicine textbook.},
	pagetotal = {720},
	publisher = {Oxford University Press},
	author = {Lee-Chiong, Teofilo},
	date = {2008-04-24}
}

@collection{happe_schlafmedizin_2009,
	location = {Heidelberg; München; Landsberg; Frechen; Hamburg},
	edition = {1},
	title = {Schlafmedizin in der Praxis. Die internationale Klassifikation von Schlafstörungen in Fallberichten},
	isbn = {978-3-609-16406-9},
	shorttitle = {Schlafmedizin in der Praxis},
	abstract = {Der Inhalt: Das Spektrum der Schlafstörungen reicht von Schlaflosigkeit und Schlaftrunkenheit über schlafbezogene Atmungsstörungen bis hin zu motorischen Störungen im Schlaf. Die aktuelle Sammlung von Fallberichten richtet sich nach der aktuellen Internationalen Klassifikation der Schlafstörungen ({ICSD}-2).  Namhafte Autorinnen und Autoren beschreiben anhand typischer Fälle aus ihrer Praxis anschaulich die wesentlichen Symptome von über 80 Schlaf-Wach-Störungen. Jeder Fallbericht enthält neben den Diagnosekriterien Angaben zu Anamnese und Klinik, Untersuchungsbefunden, Verlauf, Therapie und Prognose.  In einer abschließenden Synopsis werden die Charakteristika sowie die Diagnosekriterien der jeweiligen Schlafstörung übersichtlich zusammengefasst. Die Fallberichte enthalten neben den klinischen Befunden typische Schlaflaborbefunde in Form von "Schlafkurven" und Tabellen.   Die Fallsammlung wird durch eine Einführung in die Klassifikation von Schlaf-Wach-Störungen, die verwendeten Methoden, einen Index sowie ein Glossar zur Terminologie der Schlafmedizin abgerundet.},
	pagetotal = {418},
	publisher = {ecomed Medizin},
	editor = {Happe, Svenja and Walther, Björn Wito and Schulz, Hartmut and Geisler, Peter and Rodenbeck, Andrea},
	date = {2009-11-13}
}

@book{moreno_grundlagen_2014,
	edition = {4},
	title = {Die Grundlagen der Soziometrie: Wege zur Neuordnung der Gesellschaft},
	isbn = {978-3-663-09721-1},
	shorttitle = {Die Grundlagen der Soziometrie},
	abstract = {l. Das 53er Original ist in sechs Bucher (books) unterteilt, die von "Preludes" und einer "Introduction" eingeleitet werden. Die einleitenden Teile sind in der deut schen Ausgabe stark gekurzt, die Einfuhrung wird in Restteilen dem ersten "Teil" zugeordnet. Durch diese Veranderungen am Anfang gehen wichtige Informationen zur Entstehungsgeschichte der Soziometrie verloren. Diese werden durch einen ge schichtlichen Uberblick uber die "soziometrische Bewegung 1942-1966" kompen siert. Das spater von Moreno geschriebene Kapitel ist aber im Unterschied zur Ur fassung eine typische ex post facto Geschichtsschreibung, d.h.eine ruckblickende Gestaltbildung. 2. Das 53er Original enthalt, deutlich hervorgehoben, das "Book V" mit dem Titel "Sociometric Planning of Society," darin riskante Ausfuhrungen uber das Verhaltnis der Juden und Deutschen als "case study of the Racial Saturation Point," aber auch heute sehr aktuelle Passagen uber spontane und geleitete Migration sowie uber Selbstregulationsmechanismen von Gruppen. Beides fehlt in der deutschen Ausgabe. "Book {VI}" (mit dem Titel "Who shall survive?") ist ebenfalls neu strukturiert und vollig verandert bzw. erganzt worden: in der deutschen Ausgabe werden statistische Anmerkungen als Anhang Teil I, Hypothesen zum Gesamtbuch als Anhang 11 her ausgelost - Ausfuhrungen zur Kreativitat machen in der deutschen Ausgabe nur den "sechsten Teil" aus (und sind offenbar ebenfalls spater geschrieben worden)."},
	pagetotal = {464},
	publisher = {{VS} Verlag für Sozialwissenschaften},
	author = {Moreno, Jakob Levy},
	date = {2014-04-18}
}

@online{lenzen_alles_2016,
	title = {Alles vernetzt},
	rights = {Helmut Klettenmann, Neurowissenschaftliche Gesellschaft e. V.},
	url = {https://www.dasgehirn.info/entdecken/netzwerke/alles-vernetzt-8029},
	abstract = {Soziale Netze, Datennetze, Straßennetze, Stromnetze, vernetzte Weltwirtschaft: Netze sind überall. Die Netzwerkforschung versucht, sie zu verstehen – und zu beherrschen.},
	type = {{dasGehirn} Artikel},
	author = {Lenzen, Manuela},
	urldate = {2017-01-08},
	date = {2016-01-01},
	langid = {german},
	file = {Snapshot:C\:\\Users\\Stefka\\AppData\\Roaming\\Zotero\\Zotero\\Profiles\\1oze3a94.default\\zotero\\storage\\BRQVKKVN\\alles-vernetzt-8029.html:text/html}
}

@article{penzel_cardiovascular_2007,
	title = {Cardiovascular and respiratory dynamics during normal and pathological sleep},
	volume = {17},
	issn = {1054-1500},
	doi = {10.1063/1.2711282},
	abstract = {Sleep is an active and regulated process with restorative functions for physical and mental conditions. Based on recordings of brain waves and the analysis of characteristic patterns and waveforms it is possible to distinguish wakefulness and five sleep stages. Sleep and the sleep stages modulate autonomous nervous system functions such as body temperature, respiration, blood pressure, and heart rate. These functions consist of a sympathetic tone usually related to activation and to parasympathetic (or vagal) tone usually related to inhibition. Methods of statistical physics are used to analyze heart rate and respiration to detect changes of the autonomous nervous system during sleep. Detrended fluctuation analysis and synchronization analysis and their applications to heart rate and respiration during sleep in healthy subjects and patients with sleep disorders are presented. The observed changes can be used to distinguish sleep stages in healthy subjects as well as to differentiate normal and disturbed sleep on the basis of heart rate and respiration recordings without direct recording of brain waves. Of special interest are the cardiovascular consequences of disturbed sleep because they present a risk factor for cardiovascular disorders such as arterial hypertension, cardiac ischemia, sudden cardiac death, and stroke. New derived variables can help to find indicators for these health risks.},
	pages = {015116},
	number = {1},
	journaltitle = {Chaos (Woodbury, N.Y.)},
	shortjournal = {Chaos},
	author = {Penzel, Thomas and Wessel, Niels and Riedl, Maik and Kantelhardt, Jan W. and Rostig, Sven and Glos, Martin and Suhrbier, Alexander and Malberg, Hagen and Fietze, Ingo},
	date = {2007-03},
	pmid = {17411273},
	keywords = {Animals, Biological Clocks, Diagnosis, Computer-Assisted, Heart Rate, Humans, Models, Biological, Oscillometry, Polysomnography, Pulmonary Ventilation, Respiratory Mechanics, sleep, Sleep Wake Disorders},
	file = {Cardiovascular_Respiratory_Dynamics_2007.pdf:C\:\\Users\\Stefka\\Desktop\\Masterarbeit\\Cardiovascular_Respiratory_Dynamics_2007.pdf:application/pdf}
}

@book{wiese_system_1966,
	edition = {4., Aufl.},
	title = {System der Allgemeinen Soziologie als Lehre von den sozialen Prozessen und den sozialen Gebilden der Menschen (Beziehungslehre).},
	isbn = {978-3-428-01692-1},
	pagetotal = {671},
	publisher = {Duncker \& Humblot},
	author = {Wiese, Leopold von},
	date = {1966}
}

@book{simmel_soziologie.:_2013,
	location = {Berlin},
	edition = {7},
	title = {Soziologie.: Untersuchungen über die Formen der Vergesellschaftung.},
	isbn = {978-3-428-13725-1},
	shorttitle = {Soziologie.},
	abstract = {Was nun die »Gesellschaft«, in jedem bisher gültigen Sinne des Wortes, eben zur Gesellschaft macht, das sind ersichtlich die […] Arten der Wechselwirkung. Irgendeine Anzahl von Menschen wird nicht dadurch zur Gesellschaft, daß in jedem für sich irgendein sachlich bestimmter oder ihn individuell bewegender Lebensinhalt besteht; sondern erst, wenn die Lebendigkeit dieser Inhalte die Form der gegenseitigen Beeinflussung gewinnt, wenn eine Wirkung von einem auf das andere – unmittelbar oder durch ein Drittes vermittelt – stattfindet, ist aus dem bloß räumlichen Nebeneinander oder auch zeitlichen Nacheinander der Menschen eine Gesellschaft geworden. Soll es also eine Wissenschaft geben, deren Gegenstand die Gesellschaft und nichts andres ist, so kann sie nur diese Wechselwirkungen, diese Arten und Formen der Vergesellschaftung untersuchen wollen.Aus: Erstes Kapitel: Das Problem der Soziologie},
	pagetotal = {602},
	publisher = {Duncker \& Humblot},
	author = {Simmel, Georg},
	date = {2013-09-27}
}

@thesis{devuyst_classification_2007,
	location = {Académie Universitaire Wallonie-Bruxelles},
	title = {Classification automatique en stades du sommeil: extraction de caractéristiques et comparaison des principaux classificateurs},
	url = {http://tcts.fpms.ac.be/publications/techreports/DEA_sd.pdf},
	type = {Diplomarbeit},
	author = {Devuyst, Stéphanie},
	date = {2007}
}

@article{kemp_european_2003,
	title = {European data format ‘plus’ ({EDF}+), an {EDF} alike standard format for the exchange of physiological data},
	volume = {114},
	issn = {1388-2457},
	url = {http://www.sciencedirect.com/science/article/pii/S1388245703001238},
	doi = {10.1016/S1388-2457(03)00123-8},
	abstract = {The European data format ({EDF}) is a widely accepted standard for exchange of electroencephalogram and polysomnogram data between different equipment and labs. But it hardly accommodates other investigations.

{EDF}+ is a more flexible but still simple format which is compatible to {EDF} except that an {EDF}+ file may contain interrupted recordings. Also, {EDF}+ supports time-stamped annotations for the storage of events such as text annotations, stimuli, averaged signals, electrocardiogram parameters, apnoeas and so on.

When compared to {EDF}, {EDF}+ can not only store annotations but also electromyography, evoked potentials, electroneurography, electrocardiography and many more types of investigations. Further improvements over {EDF} include the use of standard electrode names. {EDF}+ is so much like {EDF} that existing {EDF} viewers still display the signals in {EDF}+ files. Software development is limited mainly to implementing the annotations.

{EDF}+ offers a format for a wide range of neurophysiological investigations which can become a standard within a few years.},
	pages = {1755--1761},
	number = {9},
	journaltitle = {Clinical Neurophysiology},
	shortjournal = {Clinical Neurophysiology},
	author = {Kemp, Bob and Olivan, Jesus},
	urldate = {2017-01-15},
	date = {2003-09},
	keywords = {Quantitative analysis European data format},
	file = {ScienceDirect Snapshot:C\:\\Users\\Stefka\\AppData\\Roaming\\Zotero\\Zotero\\Profiles\\1oze3a94.default\\zotero\\storage\\Z8G9QZTR\\S1388245703001238.html:text/html}
}

@article{dorffner_effects_2015,
	title = {The effects of aging on sleep architecture in healthy subjects},
	volume = {821},
	issn = {0065-2598},
	doi = {10.1007/978-3-319-08939-3_13},
	abstract = {This chapter presents normative data on healthy sleep, as measured by polysomnography ({PSG}), from "supernormal" subjects across the age range from 20 to about 90 years. The data originates from the {SIESTA} project database established in the late 1990s. While that data has been published and used in research in many ways, the novelty of the current analysis is (a) the focus on normative data following the latest sleep staging standard ({AASM} 2012), and (b) the results after narrowing down the data set by excluding outliers due to disturbed sleep pattern that can occur in a sleep lab and are thus not examples of "normal" sleep. Results demonstrate interesting dependencies of sleep architecture on age, in particular a reduction in total sleep time and changes in sleep stage distributions toward lighter sleep, which differ in detail between the two genders.},
	pages = {93--100},
	journaltitle = {Advances in Experimental Medicine and Biology},
	shortjournal = {Adv. Exp. Med. Biol.},
	author = {Dorffner, Georg and Vitr, Martin and Anderer, Peter},
	date = {2015},
	pmid = {25416113},
	keywords = {Adult, Aged, Aged, 80 and over, Age Factors, Aging, Arousal, Databases, Factual, Electroencephalography, Female, Healthy Volunteers, Humans, Male, Middle Aged, Polysomnography, Reference Values, Sex Factors, Sleep Stages}
}

@article{danker-hopfe_percentile_2005,
	title = {Percentile reference charts for selected sleep parameters for 20- to 80-Year-Old healthy subjects from the {SIESTA} database},
	volume = {9},
	issn = {1432-9123, 1439-054X},
	url = {http://link.springer.com/article/10.1111/j.1439-054X.2004.00038.x},
	doi = {10.1111/j.1439-054X.2004.00038.x},
	abstract = {{SummaryQuestion} of the {studyOne} of the aims of the {SIESTA} project was to establish a normative database of sleep parameters for healthy and sleep-disturbed patients. Reference data for sleep parameters in non-sleep-disturbed subjects are scarce and usually refer to means and standard deviations. However, since most of the parameters do not follow a Gaussian distribution, percentiles of the distribution provide more detailed information.Subjects and {methodsThe} present results are based on data from 198 healthy, non-sleep-disturbed subjects (104 females) in the age range of 20 to 95 years. For every subject, two consecutive nights were polysomnographically recorded in one of the eight participating clinical centres. Percentile charts were created on the basis of moving averages computed for 10 year age intervals with the presented age being the midpoint of the underlying interval. The resulting percentile curves were smoothed by a spline function. Since sample size in the oldest age groups is comparatively small, the percentile curves are restricted to the age range of 20 to 80 years.{ResultsPercentile} curves have been created for the parameters sleep period time ({SPT}), total sleep time ({TST}), sleep onset latency, {REM} sleep latency, sleep efficiency index, and percentages of {NREM}1, {NREM}2, {REM} sleep, {SWS}, and {WAKE} (with reference to {SPT}). The charts reflect the known changes of sleep parameters with age, e.g. decrease of {TST} and sleep efficiency with increasing age.{ConclusionThe} reference charts are intended to be a helpful tool to evaluate selected aspects of sleep quality in sleep-disturbed patients.},
	pages = {3--14},
	number = {1},
	journaltitle = {Somnologie - Schlafforschung und Schlafmedizin},
	shortjournal = {Somnologie},
	author = {Danker-Hopfe, Heidi and Schäfer, Michael and Dorn, Hans and Anderer, Peter and Saletu, Bernd and Gruber, Georg and Zeitlhofer, Josef and Kunz, Dieter and Barbanoj, Manel-Josef and Himanen, Sari Leena and Kemp, Bob and Penzel, Thomas and Röschke, Joachim and Dorffner, Georg},
	urldate = {2017-01-24},
	date = {2005-03-01},
	langid = {english},
	file = {Danker-Hopfe_Percentile_SIESTA_2005.pdf:C\:\\Users\\Stefka\\Desktop\\Master AI\\Forschungsprojekt B\\Danker-Hopfe_Percentile_SIESTA_2005.pdf:application/pdf;Full Text PDF:C\:\\Users\\Stefka\\AppData\\Roaming\\Zotero\\Zotero\\Profiles\\1oze3a94.default\\zotero\\storage\\8Z5VJWN2\\Danker-Hopfe et al. - 2005 - Percentile reference charts for selected sleep par.pdf:application/pdf;Snapshot:C\:\\Users\\Stefka\\AppData\\Roaming\\Zotero\\Zotero\\Profiles\\1oze3a94.default\\zotero\\storage\\2NETNVPZ\\j.1439-054X.2004.00038.html:text/html}
}

@report{dak_forschung_gesundheitsreport_2010,
	location = {Hamburg},
	title = {Gesundheitsreport 2010. Analyse der Arbeitsunfähigkeitsdaten. Schwerpunkt Schlafstörungen},
	url = {https://www.dak.de/dak/download/Gesundheitsreport_2010_Schlafstoerungen-1117022.pdf},
	author = {{DAK Forschung}},
	urldate = {2017-01-20},
	date = {2010},
	file = {Gesundheitsreport_2010_Schlafstoerungen-1117022.pdf:C\:\\Users\\Stefka\\Desktop\\Masterarbeit\\Gesundheitsreport_2010_Schlafstoerungen-1117022.pdf:application/pdf}
}

@article{bartsch_network_2015,
	title = {Network Physiology: How Organ Systems Dynamically Interact},
	volume = {10},
	issn = {1932-6203},
	url = {http://journals.plos.org/plosone/article?id=10.1371/journal.pone.0142143},
	doi = {10.1371/journal.pone.0142143},
	shorttitle = {Network Physiology},
	abstract = {We systematically study how diverse physiologic systems in the human organism dynamically interact and collectively behave to produce distinct physiologic states and functions. This is a fundamental question in the new interdisciplinary field of Network Physiology, and has not been previously explored. Introducing the novel concept of Time Delay Stability ({TDS}), we develop a computational approach to identify and quantify networks of physiologic interactions from long-term continuous, multi-channel physiological recordings. We also develop a physiologically-motivated visualization framework to map networks of dynamical organ interactions to graphical objects encoded with information about the coupling strength of network links quantified using the {TDS} measure. Applying a system-wide integrative approach, we identify distinct patterns in the network structure of organ interactions, as well as the frequency bands through which these interactions are mediated. We establish first maps representing physiologic organ network interactions and discover basic rules underlying the complex hierarchical reorganization in physiologic networks with transitions across physiologic states. Our findings demonstrate a direct association between network topology and physiologic function, and provide new insights into understanding how health and distinct physiologic states emerge from networked interactions among nonlinear multi-component complex systems. The presented here investigations are initial steps in building a first atlas of dynamic interactions among organ systems.},
	pages = {e0142143},
	number = {11},
	journaltitle = {{PLOS} {ONE}},
	shortjournal = {{PLOS} {ONE}},
	author = {Bartsch, Ronny P. and Liu, Kang K. L. and Bashan, Amir and Ivanov, Plamen Ch},
	urldate = {2017-02-09},
	date = {2015-10-11},
	keywords = {Brain, Electroencephalography, Left hemisphere, Network physiology, Neural networks, Organ communications, Right hemisphere, sleep},
	file = {Full Text PDF:C\:\\Users\\Stefka\\AppData\\Roaming\\Zotero\\Zotero\\Profiles\\1oze3a94.default\\zotero\\storage\\5ITMIH3H\\Bartsch et al. - 2015 - Network Physiology How Organ Systems Dynamically .pdf:application/pdf;Snapshot:C\:\\Users\\Stefka\\AppData\\Roaming\\Zotero\\Zotero\\Profiles\\1oze3a94.default\\zotero\\storage\\FCHVWQA7\\article.html:text/html}
}

@article{tamaki_night_2016,
	title = {Night Watch in One Brain Hemisphere during Sleep Associated with the First-Night Effect in Humans},
	volume = {26},
	issn = {1879-0445},
	doi = {10.1016/j.cub.2016.02.063},
	abstract = {We often experience troubled sleep in a novel environment [1]. This is called the first-night effect ({FNE}) in human sleep research and has been regarded as a typical sleep disturbance [2-4]. Here, we show that the {FNE} is a manifestation of one hemisphere being more vigilant than the other as a night watch to monitor unfamiliar surroundings during sleep [5, 6]. Using advanced neuroimaging techniques [7, 8] as well as polysomnography, we found that the temporary sleep disturbance in the first sleep experimental session involves regional interhemispheric asymmetry of sleep depth [9]. The interhemispheric asymmetry of sleep depth associated with the {FNE} was found in the default-mode network ({DMN}) involved with spontaneous internal thoughts during wakeful rest [10, 11]. The degree of asymmetry was significantly correlated with the sleep-onset latency, which reflects the degree of difficulty of falling asleep and is a critical measure for the {FNE}. Furthermore, the hemisphere with reduced sleep depth showed enhanced evoked brain response to deviant external stimuli. Deviant external stimuli detected by the less-sleeping hemisphere caused more arousals and faster behavioral responses than those detected by the other hemisphere. None of these asymmetries were evident during subsequent sleep sessions. These lines of evidence are in accord with the hypothesis that troubled sleep in an unfamiliar environment is an act for survival over an unfamiliar and potentially dangerous environment by keeping one hemisphere partially more vigilant than the other hemisphere as a night watch, which wakes the sleeper up when unfamiliar external signals are detected.},
	pages = {1190--1194},
	number = {9},
	journaltitle = {Current biology: {CB}},
	shortjournal = {Curr. Biol.},
	author = {Tamaki, Masako and Bang, Ji Won and Watanabe, Takeo and Sasaki, Yuka},
	date = {2016-05-09},
	pmid = {27112296},
	pmcid = {PMC4864126}
}

@book{steffel_lunge_2014,
	location = {Berlin},
	edition = {2014},
	title = {Lunge und Atemwege},
	isbn = {978-3-642-28222-5},
	abstract = {Der Band aus der Reihe „Module Innere Medizin“ ermöglicht Lernenden den Blick aufs Ganze. Systematisch stellen die Autoren das gesamte Organsystem Lunge und Atemwege dar: von der Anatomie über die Physiologie bis zur Diagnostik und Therapie von Erkrankungen. Wegen seiner Praxisnähe eignet sich der Band nicht nur für Studierende, sondern auch für Ärzte in der pneumologischen Aus- und Weiterbildung.},
	pagetotal = {160},
	publisher = {Springer},
	author = {Bösch, Dennis},
	editor = {Steffel, Jan and Lüscher, Thomas},
	date = {2014-04-10}
}